@Article{duelBandits,
  Title                    = {Interactively Optimizing Information Retrieval Systems as a Dueling Bandits Problem},
  Author                   = {Yisong Yue, Thorsten Joachims},
  Year                     = {2009},
}

@Article{diverseRankingsRadlinski,
  Title                    = {Learning Diverse Rankings with Multi-Armed Bandits},
  Author                   = {Filip Radlinski,Â Robert Kleinberg, Thorsten Joachims},
  Year                     = {2008},
}

@Article{multileaveGradDescent,
  Title                    = {Multileave Gradient Descent for Fast Online Learning to Rank},
  Author                   = {Anne Schuth, Shimon Whiteson, Harrie Oosterhuis, Maarten de Rijke},
  Year   = {2016}
  }
 


@Article{cascadingBandits,
  Title                    = {Cascading Bandits: Learning to Rank in the Cascade Model},
  Author                   = {Branislav Kveton, Csaba Szepesvari, Zheng Wen, Azin Ashkan},
  Year   = {2015}
}
 
 @Article{dcmBandits,
  Title                    = {Cascading Bandits: Learning to Rank in the Cascade Model},
  Author                   = {Branislav Kveton, Csaba Szepesvari, Zheng Wen, Sumeet Katariya},
  Year   = {2016}
}