@Book{Num1,
author = {К.Воронцов, А.Потапенко},
title = {Регуляризация, робастность и разреженность
вероятностных тематических моделей.},
year = {2012},
address = {М.},
numpages = {890},
language  = {russian}
}
@Book{Num2,
author = {T.Hofmann},
title = {Probabilistic latent semantic indexing },
publisher = {Proceedings of the 22nd annual
international ACM SIGIR conference on Research and development in information
retrieval},
year = {1999},
address = {NY.},
numpages = {360},
language  = {english}
}
