% This file was created with JabRef 2.10.
% Encoding: UTF-8


@Book{Nielsen2015,
  Title                    = {Neural Networks and Deep Learning},
  Author                   = {Michael A. Nielsen},
  Publisher                = {Determination Press},
  Year                     = {2015},

  Url                      = {http://neuralnetworksanddeeplearning.com}
}

@Misc{powell2007approximate,
  Title                    = {Approximate Dynamic Programming: Solving the curses of dimensionality},

  Author                   = {Powell, Warren B},
  Year                     = {2007},

  Publisher                = {John Wiley \& Sons}
}

@Book{Vorontsov2011,
  Title                    = {Математические Методы Обучения По Прецедентам (Теория Обучения Машин)},
  Author                   = {Константин Вячеславович Воронцов},
  Year                     = {2011},

  Language                 = {russian},
  Url                      = {http://www.machinelearning.ru/wiki/images/6/6d/voron-ml-1.pdf}
}

@Article{Vorontsov2007,
  Title                    = {Лекции По Искусственным Нейронным Сетям},
  Author                   = {Константин Вячеславович Воронцов},
  Year                     = {2007},
  Pages                    = {102-112},

  Language                 = {russian},
  Url                      = {http://www.ccas.ru/voron/download/NeuralNets.pdf}
}

@Book{Gorban1998,
  Title                    = {Нейроинформатика},
  Author                   = {А.Н. Горбань and В.Л. Дунин-Барковский and А.Н. Кирдин and others},
  Publisher                = {Наука},
  Year                     = {1998},

  Address                  = {Новосибирск},

  Language                 = {russian},
  Url                      = {http://ict.edu.ru/ft/003873/neiro.pdf}
}

