% This file was created with JabRef 2.10.
% Encoding: MacCyrillic


@Book{Nielsen2015,
  Title                    = {Neural Networks and Deep Learning},
  Author                   = {Michael A. Nielsen},
  Publisher                = {Determination Press},
  Year                     = {2015},

  Owner                    = {stacymiller},
  Timestamp                = {2016.09.19}
}

@Misc{powell2007approximate,
  Title                    = {Approximate Dynamic Programming: Solving the curses of dimensionality},

  Author                   = {Powell, Warren B},
  Year                     = {2007},

  Publisher                = {John Wiley \& Sons}
}

@Article{воронцовлекции,
  Title                    = {Лекции по искусственным нейронным сетям},
  Author                   = {Воронцов, КВ},

  Language                 = {russian},
  Url                      = {http://www.ccas.ru/voron/download/NeuralNets.pdf}
}

@Article{воронцовпрецеденты,
  Title                    = {Математические методы обучения по прецедентам (теория обучения машин)},
  Author                   = {К.В. Воронцов},
  Year                     = {2011},
  Pages                    = {102-112},

  Language                 = {russian},
  Url                      = {http://www.machinelearning.ru/wiki/images/6/6d/voron-ml-1.pdf}
}

