@article{TongKoller,
  author = {Simon Tong and Daphne Koller},
  title =  {Support {V}ector {M}achine {A}ctive {L}earning
with {A}pplications to {T}ext {C}lassification},
  year = 2001,
  journal = {Journal of Machine Learning Research},
  language = {english},
  pages = {45--66},
}

@article{Bouneffouf1,
  author = {Djallel Bouneffouf and others},
  title =  {Contextual {B}andit for {A}ctive {L}earning: {A}ctive
{T}hompson {S}ampling},
  year = 2014,
  language = {english},
}

@article{Bouneffouf2,
  author = {Djallel Bouneffouf},
  title =  {Exponentiated {G}radient {E}xploration for
{A}ctive {L}earning},
  year = 2015,
  language = {english},
}

@techreport{Settles,
  author = {Burr Settles},
  title =  {Active {L}earning {L}iterature {S}urvey},
  year = 2010,
  language = {english},
  institution = {University of Wisconsinâ€“Madison},
  series = {Computer {S}ciences {T}echnical {R}eport 1648},
  numpages = {67},
}

@article{DDBAL,
   title =     {Dynamic {D}istance-{B}ased {A}ctive {L}earning with {SVM} },
   author =    {Jun Jiang and Horace Ip},
   publisher = {Springer-Verlag Berlin Heidelberg},
   year =      {2007},
   journal =    {Machine {L}earning and {D}ata {M}ining in {P}attern {R}ecognition. Lecture Notes in Artificial Intelligence},
}